<?xml version="1.0" encoding="UTF-8"?><collection xmlns="http://www.loc.gov/MARC21/slim"><record><leader>00584nam--2200181-i-4500</leader><controlfield tag="001">000023979</controlfield><controlfield tag="002">20161230</controlfield><controlfield tag="005">20161230201035</controlfield><controlfield tag="008">060222s1000------------r-----000-0-fre-d</controlfield><datafield ind1=" " ind2=" " tag="040"><subfield code="a">IFIN-HH</subfield></datafield><datafield ind1=" " ind2=" " tag="041"><subfield code="a">fre</subfield></datafield><datafield ind1=" " ind2=" " tag="080"><subfield code="a">533.9.082.74:533.9:</subfield></datafield><datafield ind1="1" ind2=" " tag="100"><subfield code="a">Hamelin, Michel</subfield></datafield><datafield ind1="1" ind2="0" tag="245"><subfield code="a">Contribution a l`etude des ondes electrostatiques et electromagnetiques au voisinage de la frequence hybride base dans le plasma ionospherique</subfield><subfield code="b">These</subfield><subfield code="c">Michel hamelin</subfield></datafield><datafield ind1=" " ind2=" " tag="260"><subfield code="a">Orleans</subfield><subfield code="b">Universite</subfield><subfield code="c">1978</subfield></datafield><datafield ind1=" " ind2=" " tag="300"><subfield code="a">115 P. + 32 FIG</subfield></datafield><datafield ind1=" " ind2=" " tag="852"><subfield code="a">48534</subfield><subfield code="c">533.9</subfield></datafield><datafield ind1=" " ind2=" " tag="CAT"><subfield code="a">Sys</subfield><subfield code="c">20110117</subfield><subfield code="h">160254</subfield></datafield></record></collection>